
@article{arrasmith_effect_2021,
	title = {Effect of barren plateaus on gradient-free optimization},
	volume = {5},
	url = {https://quantum-journal.org/papers/q-2021-10-05-558/},
	doi = {10.22331/q-2021-10-05-558},
	language = {en-GB},
	urldate = {2022-07-13},
	journal = {Quantum},
	author = {Arrasmith, Andrew and Cerezo, M. and Czarnik, Piotr and Cincio, Lukasz and Coles, Patrick J.},
	month = oct,
	year = {2021},
	note = {Publisher: Verein zur FÃ¶rderung des Open Access Publizierens in den Quantenwissenschaften},
	keywords = {READ-ISH, Barren Plateau, PROBLEM, report material},
	pages = {558},
}

@article{khatri_quantum-assisted_2019,
	title = {Quantum-assisted quantum compiling},
	volume = {3},
	issn = {2521-327X},
	url = {http://arxiv.org/abs/1807.00800},
	doi = {10.22331/q-2019-05-13-140},
	language = {en},
	urldate = {2022-09-25},
	journal = {Quantum},
	author = {Khatri, Sumeet and LaRose, Ryan and Poremba, Alexander and Cincio, Lukasz and Sornborger, Andrew T. and Coles, Patrick J.},
	month = may,
	year = {2019},
	note = {arXiv:1807.00800 [quant-ph]},
	keywords = {Quantum Physics, report material, VQC},
	pages = {140}
	}


@article{mcclean_barren_2018,
	title = {Barren plateaus in quantum neural network training landscapes},
	volume = {9},
	copyright = {2018 The Author(s)},
	issn = {2041-1723},
	url = {https://www.nature.com/articles/s41467-018-07090-4},
	doi = {10.1038/s41467-018-07090-4},
	language = {en},
	number = {1},
	urldate = {2022-07-14},
	journal = {Nature Communications},
	author = {McClean, Jarrod R. and Boixo, Sergio and Smelyanskiy, Vadim N. and Babbush, Ryan and Neven, Hartmut},
	month = nov,
	year = {2018},
	note = {Number: 1
Publisher: Nature Publishing Group},
	keywords = {Quantum information, Quantum mechanics, report material},
	pages = {4812}
}

@article{sharma_noise_2020,
	title = {Noise resilience of variational quantum compiling},
	volume = {22},
	issn = {1367-2630},
	url = {https://doi.org/10.1088/1367-2630/ab784c},
	doi = {10.1088/1367-2630/ab784c},
	language = {en},
	number = {4},
	urldate = {2022-07-14},
	journal = {New Journal of Physics},
	author = {Sharma, Kunal and Khatri, Sumeet and Cerezo, M. and Coles, Patrick J.},
	month = apr,
	year = {2020},
	note = {Publisher: IOP Publishing},
	keywords = {READ A BIT, report material, VQC},
	pages = {043006}
}
